@online{Cuadro_de_mando,
  author  = {Qlik Explore},
  title   = {Pharma Sales},
  year    = {2025},
  url     = {https://explore.qlik.com/app/1ae40c95-9816-4665-91f7-5393e38e02de},
  note    = {Fecha de consulta: 23 de marzo de 2025},
}