@online{aws-hadoop-spark,
  author  = {AWS},
  title   = {¿Cuál es la diferencia entre Hadoop y Spark?},
  year    = {2024},
  url     = {https://aws.amazon.com/es/compare/the-difference-between-hadoop-vs-spark/},
  note    = {Fecha de consulta: 03 de febrero de 2025},
}

@online{inesdi-hadoop-spark,
  author  = {inesdi},
  title   = {Apache Hadoop vs Apache Spark: principales diferencias},
  year    = {2024},
  url     = {https://www.inesdi.com/blog/apache-hadoop/},
  note    = {Fecha de consulta: 03 de febrero de 2025},
}

@online{esic-hadoop-spark,
  author  = {esic},
  title   = {Spark vs Hadoop, ¿cuál es mejor?},
  year    = {2019},
  url     = {https://www.esic.edu/rethink/tecnologia/spark-vs-hadoop-cual-es-mejor},
  note    = {Fecha de consulta: 03 de febrero de 2025},
}

@online{aprenderbigdata-hadoop,
  author  = {Aprender Big Data},
  title   = {Apache Hadoop: Introducción},
  year    = {2025},
  url     = {https://aprenderbigdata.com/hadoop/},
  note    = {Fecha de consulta: 03 de febrero de 2025},
}

@online{ionos-hadoop,
  author  = {IONOS},
  title   = {Apache Hadoop: sistema de archivos distribuido},
  year    = {2023},
  url     = {https://www.ionos.es/digitalguide/servidores/know-how/apache-hadoop-el-framework-para-big-data/},
  note    = {Fecha de consulta: 03 de febrero de 2025},
}

@online{hostzealot-hadoop,
  author  = {hostzealot},
  title   = {Apache Spark frente a Hadoop: Una comparación en profundidad},
  year    = {2024},
  url     = {https://es.hostzealot.com/blog/about-solutions/apache-spark-frente-a-hadoop-una-comparacion-en-profundidad},
  note    = {Fecha de consulta: 03 de febrero de 2025},
}

@online{jacagudelo-hadoop,
  author  = {John Alexander},
  title   = {Los 10 casos de uso de Hadoop más aplicados en la actualidad},
  year    = {2016},
  url     = {https://blog.jacagudelo.com/hadoop-casos-de-uso/},
  note    = {Fecha de consulta: 03 de febrero de 2025},
}

@online{powerdata-hadoop,
  author  = {PowerData},
  title   = {Ejemplos prácticos del uso de Hadoop en Big Data},
  year    = {2015},
  url     = {https://blog.powerdata.es/el-valor-de-la-gestion-de-datos/bid/405808/ejemplos-pr-cticos-del-uso-de-hadoop-en-big-data},
  note    = {Fecha de consulta: 03 de febrero de 2025},
}

@online{deusto-hadoop,
  author  = {Deusto Data},
  title   = {Procesando «Big Data»: paradigmas batch, tiempo real y Lambda},
  year    = {2016},
  url     = {https://blogs.deusto.es/bigdata/procesando-big-data-paradigmas-batch-tiempo-real-y-lambda/},
  note    = {Fecha de consulta: 03 de febrero de 2025},
}

@online{keepcoding-spark,
  author  = {keepcoding},
  title   = {¿Cómo es la arquitectura de Apache Spark?},
  year    = {2024},
  url     = {https://keepcoding.io/blog/arquitectura-apache-spark/},
  note    = {Fecha de consulta: 03 de febrero de 2025},
}

@online{medium-spark,
  author  = {Alonso Medina Donayre},
  title   = {Arquitectura Apache Spark},
  year    = {2022},
  url     = {https://medium.com/@alonso.md/arquitectura-apache-spark-c6fbf30ee5b3},
  note    = {Fecha de consulta: 03 de febrero de 2025},
}

@online{bbvaapimarket-spark,
  author  = {bbvaapimarket},
  title   = {Apache Spark: las ventajas de usar al nuevo ‘rey’ de Big Data},
  year    = {2015},
  url     = {https://www.bbvaapimarket.com/es/mundo-api/apache-spark-las-ventajas-de-usar-al-nuevo-rey-de-big-data/},
  note    = {Fecha de consulta: 03 de febrero de 2025},
}

@online{ionos-spark,
  author  = {IONOS},
  title   = {Apache Spark: definición y funciones},
  year    = {2023},
  url     = {https://www.ionos.es/digitalguide/servidores/know-how/que-es-apache-spark/},
  note    = {Fecha de consulta: 03 de febrero de 2025},
}

@online{googleCloud-spark,
  author  = {Google cloud},
  title   = {¿Cómo utilizan Spark las empresas?},
  year    = {20},
  url     = {https://cloud.google.com/learn/what-is-apache-spark?hl=es},
  note    = {Fecha de consulta: 03 de febrero de 2025},
}

@online{diegocalvo-spark,
  author  = {Diego calvo},
  title   = {Spark Streaming (procesamiento por lotes y tiempo real)},
  year    = {2018},
  url     = {https://www.diegocalvo.es/spark-streaming/},
  note    = {Fecha de consulta: 03 de febrero de 2025},
}

@online{hadoop-spark,
  author  = {María Jesús Bajo},
  title   = {UD2 - Apoyo diapositivas},
  year    = {2025},
  url     = {https://docs.google.com/document/d/1tY7aDA9m-5pDPrlFf3gcIBtdexhmOMPPd_M6ar_eoZ4/edit?tab=t.0},
  note    = {Fecha de consulta: 03 de febrero de 2025},
}