@online{Estructuracion_de_datos,
  author  = {María Jesús Bajo},
  title   = {UNIDAD 3 - ESTRUCTURACIÓN DE DATOS PARA EL ANÁLISIS EN ENTORNOS BIG DATA},
  year    = {2024},
  url     = {https://docs.google.com/document/d/1Cpf0E_WffCxmAcDtvhxvjV6qwHOElgEOzkrBFRdv1Sw/edit?tab=t.0},
  note    = {Fecha de consulta: 24 de febrero de 2025},
}