@online{wikipedia_lotes,
  author  = {Wikipedia},
  title   = {Procesamiento por lotes},
  year    = {2024},
  url     = {https://es.wikipedia.org/wiki/Procesamiento_por_lotes#:~:text=El%20procesamiento%20por%20lotes%20o,equipo%20es%20capaz%20de%20completarlas.},
  note    = {Fecha de consulta: 16 de noviembre de 2024},
}

@online{aws_batch_processing,
  author  = {Amazon Web Services (AWS)},
  title   = {¿Qué es el procesamiento batch?},
  year    = {2024},
  url     = {https://aws.amazon.com/es/what-is/batch-processing/},
  note    = {Fecha de consulta: 16 de noviembre de 2024},
}

@online{profesionalreview_batch,
  author  = {Profesional Review},
  title   = {¿Qué es el procesamiento Batch?},
  year    = {2018},
  url     = {https://www.profesionalreview.com/2018/11/25/que-es-el-procesamiento-batch/},
  note    = {Fecha de consulta: 16 de noviembre de 2024},
}

@online{aprenderbigdata_stream_processing,
  author  = {Aprender Big Data},
  title   = {Stream Processing: Qué es y cómo funciona},
  year    = {2024},
  url     = {https://aprenderbigdata.com/stream-processing/},
  note    = {Fecha de consulta: 17 de noviembre de 2024}
}

@online{confluent_data_streaming,
  author  = {Confluent},
  title   = {Introducción al procesamiento de datos en streaming},
  year    = {2024},
  url     = {https://www.confluent.io/es-es/learn/data-streaming/},
  note    = {Fecha de consulta: 17 de noviembre de 2024}
}

@online{aws_streaming_data,
  author  = {Amazon Web Services (AWS)},
  title   = {¿Qué es el streaming de datos?},
  year    = {2024},
  url     = {https://aws.amazon.com/es/what-is/streaming-data/},
  note    = {Fecha de consulta: 17 de noviembre de 2024}
}

@online{aws_real_time_streaming,
  author  = {Amazon Web Services (AWS)},
  title   = {¿Qué es el streaming de datos en tiempo real?},
  year    = {2024},
  url     = {https://aws.amazon.com/es/what-is/real-time-data-streaming/},
  note    = {Fecha de consulta: 17 de noviembre de 2024}
}

@online{foqum_real_time_processing,
  author  = {Foqum},
  title   = {Procesamiento en tiempo real: Definición y aplicaciones},
  year    = {2024},
  url     = {https://foqum.io/blog/termino/procesamiento-en-tiempo-real/},
  note    = {Fecha de consulta: 17 de noviembre de 2024}
}

@online{powerdata_real_time_advantages,
  author  = {PowerData},
  title   = {7 ventajas de procesar datos en tiempo real},
  year    = {2024},
  url     = {https://blog.powerdata.es/el-valor-de-la-gestion-de-datos/7-ventajas-de-procesar-datos-en-tiempo-real},
  note    = {Fecha de consulta: 17 de noviembre de 2024}
}

@online{appmaster_real_time_processing,
  author  = {AppMaster},
  title   = {Procesamiento en tiempo real: ¿Qué es y cómo funciona?},
  year    = {2024},
  url     = {https://appmaster.io/es/glossary/procesamiento-en-tiempo-real},
  note    = {Fecha de consulta: 17 de noviembre de 2024}
}
