@online{Botpress,
  author  = {Botpress},
  title   = {UNIDAD 3 - ESTRUCTURACIÓN DE DATOS PARA EL ANÁLISIS EN ENTORNOS BIG DATA},
  year    = {2025},
  url     = {https://botpress.com/es},
  note    = {Fecha de consulta: 5 de marzo de 2025},
}